<?xml version="1.0" encoding="UTF-8"?><record xmlns="http://www.loc.gov/MARC21/slim" xmlns:cinclude="http://apache.org/cocoon/include/1.0" xmlns:zs="http://www.loc.gov/zing/srw/">
  <leader>00897cz  a2200181n  4500</leader>
  <controlfield tag="001">n  83706994 </controlfield>
  <controlfield tag="003">DLC</controlfield>
  <controlfield tag="005">20081221205953.0</controlfield>
  <controlfield tag="008">830621n| acacbaaan          |a ana     c</controlfield>
  <datafield tag="010" ind1=" " ind2=" ">
    <subfield code="a">n  83706994 </subfield>
  </datafield>
  <datafield tag="035" ind1=" " ind2=" ">
    <subfield code="a">(OCoLC)oca01043587</subfield>
  </datafield>
  <datafield tag="040" ind1=" " ind2=" ">
    <subfield code="a">DGPO/DLC</subfield>
    <subfield code="b">eng</subfield>
    <subfield code="c">DLC</subfield>
    <subfield code="d">DLC</subfield>
    <subfield code="d">OCoLC</subfield>
  </datafield>
  <datafield tag="130" ind1=" " ind2="0">
    <subfield code="a">1982 census of manufactures and census of mineral industries</subfield>
  </datafield>
  <datafield tag="410" ind1="1" ind2=" ">
    <subfield code="a">United States.</subfield>
    <subfield code="b">Bureau of the Census.</subfield>
    <subfield code="t">1982 census of manufactures and census of mineral industries</subfield>
  </datafield>
  <datafield tag="643" ind1=" " ind2=" ">
    <subfield code="a">Washington, D.C.</subfield>
    <subfield code="b">U.S. Dept. of Commerce, Bureau of the Census</subfield>
  </datafield>
  <datafield tag="667" ind1=" " ind2=" ">
    <subfield code="a">Transcribe as common title with section title in title proper of bibliographic record.</subfield>
  </datafield>
  <datafield tag="667" ind1=" " ind2=" ">
    <subfield code="a">Document</subfield>
  </datafield>
  <datafield tag="670" ind1=" " ind2=" ">
    <subfield code="a">Numerical list of manufactured and mineral products, 1983:</subfield>
    <subfield code="b">CIP t.p. (1982 census of manufactures and census of mineral industries. Reference series) bk t.p. (1982 census of manufactures and census of mineral industries)</subfield>
  </datafield>
</record>